@Misc{siteNSIS,
howpublished = "\url{http://nsis.sourceforge.net/Main_Page}",
author = {Site web de NSIS}
}

@Misc{siteDocNSIS,
howpublished = "\url{http://www.todae.fr/nsis/docs/Contents.html}",
author = {Documentation française de NSIS}
}

@Misc{siteForumNSIS,
howpublished = "\url{http://forums.winamp.com/forumdisplay.php?forumid=65}",
author = {Forum d'aide pour NSIS (Anglais)}
}

@Misc{siteIIS,
howpublished = "\url{http://learn.iis.net/}",
author = {Site contenant de la documentation et des exemples d'utilisation d'IIS}
}

@Misc{siteMicrosoft,
howpublished = "\url{http://technet.microsoft.com/fr-fr/library/default.aspx}",
author = {Site Microsoft d'aide et de support}
}
